@misc{opencv,
	title = {{OpenCV | OpenCV}},
	howpublished = {\url{http://opencv.org/}},
	note = {Accessed: 24/04/2013}
}

@misc{opencvandroid,
	title = {{ANDROID | OpenCV}},
	howpublished = {\url{http://opencv.org/platforms/android.html}},
	note = {Accessed: 24/04/2013}
}