@misc{opencv,
	title = {{OpenCV | OpenCV}},
	howpublished = {\url{http://opencv.org/}},
	note = {Accessed: 24/04/2013}
}

@misc{opencvandroid,
	title = {{ANDROID | OpenCV}},
	howpublished = {\url{http://opencv.org/platforms/android.html}},
	note = {Accessed: 24/04/2013}
}

@misc{ardef,
	title = {{Augmented Reality - definition of Augmented Reality, [â€¦]}},
	howpublished = {\url{http://www.macmillandictionary.com/buzzword/entries/augmented-reality.html}},
	note = {Accessed: 15/05/2013}
}
